@article{abreu1998,
  title = {J/{$\psi$}, {$\psi{'}$} and {{Drell-Yan}} Production in Pp and Pd Interactions at 450 {{GeV}}/c},
  author = {Abreu, M. C. and others},
  year = {1998},
  month = oct,
  journal = {Phys. Lett. B},
  volume = {438},
  number = {1},
  pages = {35--40},
  issn = {0370-2693},
  doi = {10.1016/S0370-2693(98)01014-4},
  urldate = {2021-07-20},
  langid = {english},
  collaboration = {NA51 Collaboration}
}

@article{aidala2019,
  title = {The {{SeaQuest}} Spectrometer at {{Fermilab}}},
  author = {Aidala, C. A. and others},
  year = {2019},
  month = jun,
  journal = {Nucl. Instrum. Methods Phys. Res., Sect. A},
  volume = {930},
  pages = {49--63},
  issn = {0168-9002},
  doi = {10.1016/j.nima.2019.03.039},
  urldate = {2021-07-20},
  langid = {english},
  collaboration = {E906 Collaboration}
}

@article{chang2020,
  title = {Constraining gluon density of pions at large {$x$} by pion-induced {$J/\psi$} production},
  author = {Chang, Wen-Chen and Peng, Jen-Chieh and Platchkov, Stephane and Sawada, Takahiro},
  year = {2020},
  month = sep,
  journal = {Phys. Rev. D},
  volume = {102},
  number = {5},
  pages = {054024},
  publisher = {American Physical Society},
  doi = {10.1103/PhysRevD.102.054024},
  urldate = {2020-10-14}
}

@article{dove2021,
  title = {The Asymmetry of Antimatter in the Proton},
  author = {Dove, J. and others},
  year = {2021},
  month = feb,
  journal = {Nature},
  volume = {590},
  number = {7847},
  pages = {561--565},
  publisher = {{Nature Publishing Group}},
  issn = {1476-4687},
  doi = {10.1038/s41586-021-03282-z},
  urldate = {2021-07-20},
  copyright = {2021 This is a U.S. government work and not under copyright protection in the U.S.; foreign copyright protection may apply},
  langid = {english},
  collaboration = {E906 Collaboration}
}

@article{drell1970,
  title = {Massive {{Lepton-Pair Production}} in {{Hadron-Hadron Collisions}} at {{High Energies}}},
  author = {Drell, Sidney D. and Yan, Tung-Mow},
  year = {1970},
  month = aug,
  journal = {Phys. Rev. Lett.},
  volume = {25},
  number = {5},
  pages = {316--320},
  publisher = {{American Physical Society}},
  doi = {10.1103/PhysRevLett.25.316},
  urldate = {2021-07-14}
}

@article{fritzsch1977,
  title = {Producing Heavy Quark Flavors in Hadronic Collisions\textemdash ' {{A}} Test of Quantum Chromodynamics},
  author = {Fritzsch, Harald},
  year = {1977},
  month = mar,
  journal = {Phys. Lett. B},
  volume = {67},
  number = {2},
  pages = {217--221},
  issn = {0370-2693},
  doi = {10.1016/0370-2693(77)90108-3},
  urldate = {2021-07-20},
  langid = {english}
}

@article{hou2021,
  title = {New {{CTEQ}} Global Analysis of Quantum Chromodynamics with High-Precision Data from the {{LHC}}},
  author = {Hou, Tie-Jiun and others},
  year = {2021},
  month = jan,
  journal = {Phys. Rev. D},
  volume = {103},
  number = {1},
  pages = {014013},
  publisher = {{American Physical Society}},
  doi = {10.1103/PhysRevD.103.014013},
  keywords = {High Energy Physics - Experiment,High Energy Physics - Phenomenology,Nuclear Theory}
}

@article{kaplan1978,
  title = {Study of the {{High-Mass Dimuon Continuum}} in 400-{{GeV Proton-Nucleus Collisions}}},
  author = {Kaplan, D. M. and others},
  year = {1978},
  month = feb,
  journal = {Phys. Rev. Lett.},
  volume = {40},
  number = {7},
  pages = {435--438},
  publisher = {{American Physical Society}},
  doi = {10.1103/PhysRevLett.40.435},
  urldate = {2021-07-20}
}

@article{londergan2010,
  title = {Charge Symmetry at the Partonic Level},
  author = {Londergan, J. T. and Peng, J. C. and Thomas, A. W.},
  year = {2010},
  month = jul,
  journal = {Rev. Mod. Phys.},
  volume = {82},
  number = {3},
  pages = {2009--2052},
  publisher = {{American Physical Society}},
  doi = {10.1103/RevModPhys.82.2009},
  urldate = {2021-07-14}
}

@article{mangano1993,
  title = {Fixed-Target Hadroproduction of Heavy Quarks},
  author = {Mangano, Michelangelo L. and Nason, Paolo and Ridolfi, Giovanni},
  year = {1993},
  month = sep,
  journal = {Nucl. Phys. B},
  volume = {405},
  number = {2},
  pages = {507--535},
  issn = {0550-3213},
  doi = {10.1016/0550-3213(93)90557-6},
  urldate = {2020-06-11},
  langid = {english}
}

@article{opper2003,
  title = {Charge Symmetry Breaking in $np\rightarrow d\pi^{0}$},
  author = {Opper, A. K. and others},
  year = {2003},
  month = nov,
  journal = {Phys. Rev. Lett.},
  volume = {91},
  number = {21},
  pages = {212302},
  publisher = {American Physical Society},
  doi = {10.1103/PhysRevLett.91.212302},
  urldate = {2021-07-14}
}

@article{peng1995,
  title = {Probing {{$\bar{u}/\bar{d}$}} asymmetry in the proton via quarkonium production},
  author = {Peng, J. C. and Jansen, D. M. and Chen, Y. C.},
  year = {1995},
  month = jan,
  journal = {Phys. Lett. B},
  volume = {344},
  number = {1},
  pages = {1-5},
  issn = {0370-2693},
  doi = {10.1016/0370-2693(94)01466-P},
  urldate = {2021-07-27},
  langid = {english}
}

@article{piller1996,
  title = {J/{$\psi$} Production as a Probe of Charge Symmetry Violations and Nuclear Corrections in Parton Distributions},
  author = {Piller, G. and Thomas, A. W.},
  year = {1996},
  month = dec,
  journal = {Z. Phys. C: Part. Fields},
  volume = {70},
  number = {4},
  pages = {661--664},
  issn = {1431-5858},
  doi = {10.1007/s002880050140},
  urldate = {2021-07-14},
  langid = {english}
}

@article{schuler1996,
  title = {Systematics of Quarkonium Production},
  author = {Schuler, Gerhard A. and Vogt, Ramona},
  year = {1996},
  month = oct,
  journal = {Phys. Lett. B},
  volume = {387},
  number = {1},
  pages = {181--186},
  issn = {0370-2693},
  doi = {10.1016/0370-2693(96)00999-9},
  urldate = {2021-07-20},
  langid = {english}
}

@article{stephenson2003,
  title = {Observation of the Charge Symmetry Breaking {$d+d\rightarrow {}^{4}\mathrm{He}+\pi^{0}$} Reaction Near Threshold},
  author = {Stephenson, E. J. and others},
  year = {2003},
  month = oct,
  journal = {Phys. Rev. Lett.},
  volume = {91},
  number = {14},
  pages = {142302},
  publisher = {American Physical Society},
  doi = {10.1103/PhysRevLett.91.142302},
  urldate = {2021-07-14}
}

@article{vogt1999,
  title = {J/{$\psi$} Production and Suppression},
  author = {Vogt, R.},
  year = {1999},
  month = mar,
  journal = {Phys. Rep},
  volume = {310},
  number = {4},
  pages = {197--260},
  issn = {0370-1573},
  doi = {10.1016/S0370-1573(98)00074-X},
  urldate = {2021-07-14},
  langid = {english},
  keywords = {/ suppression,Quarkâ€“gluon plasma,Quarkonium production,Ultrarelativistic heavy-ion collisions}
}

@article{zhu2008,
  title = {Measurement of $\ensuremath{\Upsilon}$ Production for $p+p$ and $p+d$ Interactions at $800\text{ }\text{ }\mathrm{GeV}/c$},
  author = {Zhu, L. Y. and others},
  year = {2008},
  month = feb,
  journal = {Phys. Rev. Lett.},
  volume = {100},
  number = {6},
  pages = {062301},
  publisher = {American Physical Society},
  doi = {10.1103/PhysRevLett.100.062301},
  collaboration = {FNAL E866/NuSea Collaboration}
}
